<record><leader>00000cas a22000007a 4500</leader><controlfield tag="001">19001136</controlfield><controlfield tag="008">890110d18931896iduwr ne      0    0eng d</controlfield><datafield ind1=" " ind2=" " tag="010"><subfield code="a">sn 89055013 </subfield></datafield><datafield ind1=" " ind2=" " tag="040"><subfield code="a">NVB</subfield><subfield code="b">eng</subfield><subfield code="c">NVB</subfield><subfield code="d">OCLCQ</subfield><subfield code="d">OCLCF</subfield><subfield code="d">OCLCO</subfield></datafield><datafield ind1=" " ind2=" " tag="042"><subfield code="a">msc</subfield></datafield><datafield ind1=" " ind2=" " tag="043"><subfield code="a">n-us-id</subfield></datafield><datafield ind1="0" ind2="4" tag="245"><subfield code="a">The Silver hammer.</subfield></datafield><datafield ind1=" " ind2=" " tag="260"><subfield code="a">Rexburg, Idaho :</subfield><subfield code="b">B.E. Rich</subfield></datafield><datafield ind1=" " ind2=" " tag="300"><subfield code="a">v.</subfield></datafield><datafield ind1=" " ind2=" " tag="310"><subfield code="a">Weekly</subfield></datafield><datafield ind1="1" ind2=" " tag="362"><subfield code="a">Began with Dec. 15, 1893 issue; ceased with Aug. 20, 1896 issue?</subfield></datafield><datafield ind1=" " ind2=" " tag="500"><subfield code="a">Published in: St. Anthony, May 2, 1895-&lt;Aug. 20, 1896&gt;.</subfield></datafield><datafield ind1=" " ind2=" " tag="515"><subfield code="a">Suspended publication May 7, 1896. Resumed June 4, 1896.</subfield></datafield><datafield ind1=" " ind2=" " tag="588"><subfield code="a">Description based on: Vol. 1, no. 4 (Jan. 5, 1894).</subfield></datafield><datafield ind1=" " ind2="0" tag="651"><subfield code="a">Saint Anthony (Idaho)</subfield><subfield code="v">Newspapers.</subfield></datafield><datafield ind1=" " ind2="0" tag="651"><subfield code="a">Rexburg (Idaho)</subfield><subfield code="v">Newspapers.</subfield></datafield><datafield ind1=" " ind2="7" tag="655"><subfield code="a">Newspapers.</subfield><subfield code="2">fast</subfield><subfield code="0">(OCoLC)fst01423814</subfield></datafield><datafield ind1=" " ind2="7" tag="651"><subfield code="a">Idaho</subfield><subfield code="z">Rexburg.</subfield><subfield code="2">fast</subfield><subfield code="0">(OCoLC)fst01220488</subfield></datafield><datafield ind1=" " ind2="7" tag="651"><subfield code="a">Idaho</subfield><subfield code="z">Saint Anthony.</subfield><subfield code="2">fast</subfield><subfield code="0">(OCoLC)fst01226218</subfield></datafield><datafield ind1=" " ind2=" " tag="752"><subfield code="a">United States</subfield><subfield code="b">Idaho</subfield><subfield code="c">Fremont</subfield><subfield code="d">Rexburg.</subfield></datafield><datafield ind1=" " ind2=" " tag="752"><subfield code="a">United States</subfield><subfield code="b">Idaho</subfield><subfield code="c">Fremont</subfield><subfield code="d">Saint Anthony.</subfield></datafield></record>